<?xml version="1.0" encoding="UTF-8"?><collection xmlns="http://www.loc.gov/MARC21/slim"><record><leader>00687nam--2200181-i-4500</leader><controlfield tag="001">000036056</controlfield><controlfield tag="002">20161230</controlfield><controlfield tag="005">20161230201040</controlfield><controlfield tag="008">060222s1000------------r-----000-0-eng-d</controlfield><datafield ind1=" " ind2=" " tag="040"><subfield code="a">IFIN-HH</subfield></datafield><datafield ind1=" " ind2=" " tag="080"><subfield code="a">621.039:539.1.07</subfield></datafield><datafield ind1="1" ind2=" " tag="110"><subfield code="a">The Institute Of Physics And The Physical Society</subfield></datafield><datafield ind1="1" ind2="0" tag="245"><subfield code="a">Charged particle tracks in solids and liquids</subfield><subfield code="b">Proceedings of the second l.h. gray conference organized by the l.h. gray memorial trust at trinity college, cambridge, appril 1969</subfield></datafield><datafield ind1=" " ind2=" " tag="260"><subfield code="a">London</subfield><subfield code="b">The Institute Of Physics And The Physical Society</subfield><subfield code="c">1970</subfield></datafield><datafield ind1=" " ind2=" " tag="300"><subfield code="a">228P</subfield></datafield><datafield ind1=" " ind2=" " tag="490"><subfield code="a">Conference Series</subfield><subfield code="v">No 8</subfield></datafield><datafield ind1=" " ind2=" " tag="852"><subfield code="a">35562</subfield><subfield code="c">539.1.07:539.1.08</subfield></datafield><datafield ind1=" " ind2=" " tag="CAT"><subfield code="a">Sys</subfield><subfield code="c">20111024</subfield><subfield code="h">160553</subfield></datafield></record></collection>